<?xml version="1.0" encoding="UTF-8"?><record xmlns="http://www.loc.gov/MARC21/slim" xmlns:cinclude="http://apache.org/cocoon/include/1.0" xmlns:zs="http://www.loc.gov/zing/srw/">
  <leader>00520cz  a2200145n  4500</leader>
  <controlfield tag="001">n  80115159 </controlfield>
  <controlfield tag="003">DLC</controlfield>
  <controlfield tag="005">20010629150544.0</controlfield>
  <controlfield tag="008">800911n| acannaab           |a ana      </controlfield>
  <datafield tag="010" ind1=" " ind2=" ">
    <subfield code="a">n  80115159 </subfield>
  </datafield>
  <datafield tag="040" ind1=" " ind2=" ">
    <subfield code="a">DLC</subfield>
    <subfield code="c">DLC</subfield>
    <subfield code="d">DLC</subfield>
  </datafield>
  <datafield tag="110" ind1="2" ind2=" ">
    <subfield code="a">Vígszínház (Budapest, Hungary)</subfield>
  </datafield>
  <datafield tag="410" ind1="2" ind2=" ">
    <subfield code="w">nnaa</subfield>
    <subfield code="a">Vígszínház, Budapest</subfield>
  </datafield>
  <datafield tag="670" ind1=" " ind2=" ">
    <subfield code="a">Magyar, B. A Vígszínház története, c1979 (subj.)</subfield>
    <subfield code="b">t.p. (Vígszínház)</subfield>
  </datafield>
  <datafield tag="670" ind1=" " ind2=" ">
    <subfield code="a">Budapest lex., 1973</subfield>
    <subfield code="b">(Vígszínház; loc. in Budapest; found. 5/1/1896, nationalized 1949)</subfield>
  </datafield>
</record>